<record><leader>00000cas a22000007a 4500</leader><controlfield tag="001">11821320</controlfield><controlfield tag="008">850319d184718uunyuwr ne      0    0eng d</controlfield><datafield ind1=" " ind2=" " tag="010"><subfield code="a">sn 85025631 </subfield></datafield><datafield ind1=" " ind2=" " tag="040"><subfield code="a">NPX</subfield><subfield code="b">eng</subfield><subfield code="c">NPX</subfield><subfield code="d">OCLCQ</subfield></datafield><datafield ind1=" " ind2=" " tag="042"><subfield code="a">msc</subfield></datafield><datafield ind1="0" ind2=" " tag="130"><subfield code="a">New world (New York, N.Y. : 1847)</subfield></datafield><datafield ind1="1" ind2="4" tag="245"><subfield code="a">The new world.</subfield></datafield><datafield ind1="1" ind2="3" tag="246"><subfield code="a">New world and Philadelphia Saturday courier</subfield></datafield><datafield ind1=" " ind2=" " tag="260"><subfield code="a">New-York [N.Y.] :</subfield><subfield code="b">Ross Wilkinson,</subfield><subfield code="c">1847-</subfield></datafield><datafield ind1=" " ind2=" " tag="300"><subfield code="a">v.</subfield></datafield><datafield ind1=" " ind2=" " tag="310"><subfield code="a">Weekly</subfield></datafield><datafield ind1="0" ind2=" " tag="362"><subfield code="a">New ser., v. 1, no. 1 (Oct. 2, 1847)-</subfield></datafield><datafield ind1=" " ind2=" " tag="500"><subfield code="a">Published as: New world and Philadelphia Saturday courier, Mar. 11-Apr. 15, 1848.</subfield></datafield><datafield ind1=" " ind2=" " tag="500"><subfield code="a">Editors: Park Benjamin, 1847-1848; Park Benjamin, Alexander C. Wilson, 1847-&lt;1848&gt;.</subfield></datafield><datafield ind1=" " ind2=" " tag="500"><subfield code="a">Publishers: Wilkinson &amp; Co., 1848; Osborne &amp; Co., 1848; O.C. Osborne, &lt;1848&gt;.</subfield></datafield><datafield ind1=" " ind2=" " tag="500"><subfield code="a">Published at Philadelphia, Pa., &lt;1848&gt;.</subfield></datafield><datafield ind1=" " ind2=" " tag="500"><subfield code="a">"The subscriber [Edmund B. Green] ... has transferred the entire subscription list, and the title-right of the Saturday emporium to the proprietors of the New world ..." Cf. Feb. 19, 1848.</subfield></datafield><datafield ind1=" " ind2=" " tag="752"><subfield code="a">United States</subfield><subfield code="b">Pennsylvania</subfield><subfield code="c">Philadelphia</subfield><subfield code="d">Philadelphia.</subfield></datafield><datafield ind1=" " ind2=" " tag="752"><subfield code="a">United States</subfield><subfield code="b">New York</subfield><subfield code="c">New York</subfield><subfield code="d">New York.</subfield></datafield><datafield ind1="0" ind2="0" tag="780"><subfield code="t">American mail</subfield><subfield code="w">(DLC)sn 83030074</subfield></datafield><datafield ind1="1" ind2=" " tag="029"><subfield code="a">AU@</subfield><subfield code="b">000025822224</subfield></datafield></record>